<?xml version="1.0" encoding="UTF-8"?><Document xmlns="urn:iso:std:iso:20022:tech:xsd:camt.053.001.02"><BkToCstmrStmt><GrpHdr><MsgId>2025092211226751620001</MsgId><CreDtTm>2025-09-22T19:13:30</CreDtTm></GrpHdr><Stmt><Id>1122675162-EUR-1</Id><ElctrncSeqNb>1122675162</ElctrncSeqNb><CreDtTm>2025-09-22T19:13:20</CreDtTm><FrToDt><FrDtTm>2025-08-01T00:00:00</FrDtTm><ToDtTm>2025-08-31T23:59:59</ToDtTm></FrToDt><Acct><Id><IBAN>LT697300010178072190</IBAN></Id><Ccy>EUR</Ccy><Ownr><Nm>MB THE MYKOLAS</Nm><PstlAdr><Ctry>LT</Ctry><AdrLine>UKMERGĖS G. 300H-42, VILNIUS</AdrLine></PstlAdr><Id><OrgId><Othr><Id>306310457</Id></Othr></OrgId></Id></Ownr><Svcr><FinInstnId><BIC>HABALT22</BIC><Nm>Swedbank AB</Nm><PstlAdr><Ctry>LT</Ctry><AdrLine>Konstitucijos pr. 20A, 03502 Vilnius</AdrLine></PstlAdr><Othr><Id>112029651</Id><SchmeNm><Cd>COID</Cd></SchmeNm></Othr></FinInstnId></Svcr></Acct><Bal><Tp><CdOrPrtry><Cd>OPBD</Cd></CdOrPrtry></Tp><CdtLine><Incl>false</Incl></CdtLine><Amt Ccy="EUR">1760.49</Amt><CdtDbtInd>CRDT</CdtDbtInd><Dt><Dt>2025-08-01</Dt></Dt></Bal><Bal><Tp><CdOrPrtry><Cd>CLBD</Cd></CdOrPrtry></Tp><Amt Ccy="EUR">1443.16</Amt><CdtDbtInd>CRDT</CdtDbtInd><Dt><Dt>2025-08-31</Dt></Dt></Bal><TxsSummry><TtlCdtNtries><NbOfNtries>4</NbOfNtries><Sum>7425.10</Sum></TtlCdtNtries><TtlDbtNtries><NbOfNtries>27</NbOfNtries><Sum>7742.43</Sum></TtlDbtNtries></TxsSummry><Ntry><NtryRef>2025080100149435-1</NtryRef><Amt Ccy="EUR">11.00</Amt><CdtDbtInd>DBIT</CdtDbtInd><Sts>BOOK</Sts><BookgDt><Dt>2025-08-01</Dt></BookgDt><ValDt><Dt>2025-08-01</Dt></ValDt><AcctSvcrRef>2025080100149435-1</AcctSvcrRef><BkTxCd><Domn><Cd>ACMT</Cd><Fmly><Cd>MDOP</Cd><SubFmlyCd>CHRG</SubFmlyCd></Fmly></Domn><Prtry><Cd>M</Cd><Issr>Swedbank AB</Issr></Prtry></BkTxCd><NtryDtls><TxDtls><Refs><AcctSvcrRef>2025080100149435-1</AcctSvcrRef></Refs><AmtDtls><TxAmt><Amt Ccy="EUR">11.00</Amt></TxAmt></AmtDtls><RltdPties></RltdPties><RmtInf><Ustrd>Paslaugų plano "Verslu 20" mokestis 2025.07</Ustrd></RmtInf></TxDtls></NtryDtls></Ntry><Ntry><NtryRef>2025080200945612-1</NtryRef><Amt Ccy="EUR">72.00</Amt><CdtDbtInd>DBIT</CdtDbtInd><Sts>BOOK</Sts><BookgDt><Dt>2025-08-02</Dt></BookgDt><ValDt><Dt>2025-08-02</Dt></ValDt><AcctSvcrRef>2025080200945612-1</AcctSvcrRef><BkTxCd><Domn><Cd>PMNT</Cd><Fmly><Cd>CCRD</Cd><SubFmlyCd>POSD</SubFmlyCd></Fmly></Domn><Prtry><Cd>K</Cd><Issr>Swedbank AB</Issr></Prtry></BkTxCd><NtryDtls><TxDtls><Refs><AcctSvcrRef>2025080200945612-1</AcctSvcrRef></Refs><AmtDtls><TxAmt><Amt Ccy="EUR">72.00</Amt></TxAmt></AmtDtls><RltdPties></RltdPties><RmtInf><Ustrd>PIRKINYS 535550******5746 2025.08.01 72.00 EUR (440565) X CORP. PAID FEATURES 78602 BASTROP</Ustrd></RmtInf></TxDtls></NtryDtls></Ntry><Ntry><NtryRef>2025080200945614-1</NtryRef><Amt Ccy="EUR">145.02</Amt><CdtDbtInd>DBIT</CdtDbtInd><Sts>BOOK</Sts><BookgDt><Dt>2025-08-02</Dt></BookgDt><ValDt><Dt>2025-08-02</Dt></ValDt><AcctSvcrRef>2025080200945614-1</AcctSvcrRef><BkTxCd><Domn><Cd>PMNT</Cd><Fmly><Cd>CCRD</Cd><SubFmlyCd>POSD</SubFmlyCd></Fmly></Domn><Prtry><Cd>K</Cd><Issr>Swedbank AB</Issr></Prtry></BkTxCd><NtryDtls><TxDtls><Refs><AcctSvcrRef>2025080200945614-1</AcctSvcrRef></Refs><AmtDtls><TxAmt><Amt Ccy="EUR">145.02</Amt></TxAmt></AmtDtls><RltdPties></RltdPties><RmtInf><Ustrd>PIRKINYS 535550******5746 2025.07.31 145.02 EUR (377926) LARACASTS 32790 WINTER PARK</Ustrd></RmtInf></TxDtls></NtryDtls></Ntry><Ntry><NtryRef>2025080301220113-1</NtryRef><Amt Ccy="EUR">4.50</Amt><CdtDbtInd>DBIT</CdtDbtInd><Sts>BOOK</Sts><BookgDt><Dt>2025-08-03</Dt></BookgDt><ValDt><Dt>2025-08-03</Dt></ValDt><AcctSvcrRef>2025080301220113-1</AcctSvcrRef><BkTxCd><Domn><Cd>PMNT</Cd><Fmly><Cd>CCRD</Cd><SubFmlyCd>POSD</SubFmlyCd></Fmly></Domn><Prtry><Cd>K</Cd><Issr>Swedbank AB</Issr></Prtry></BkTxCd><NtryDtls><TxDtls><Refs><AcctSvcrRef>2025080301220113-1</AcctSvcrRef></Refs><AmtDtls><TxAmt><Amt Ccy="EUR">4.50</Amt></TxAmt></AmtDtls><RltdPties></RltdPties><RmtInf><Ustrd>PIRKINYS 535550******5746 2025.08.01 5.00 USD VALIUTOS KURSAS 1.138952, VALIUTOS KEITIMO MOK 0.11 EUR (503479) DIGITALOCEAN.COM 1014 BM AMST</Ustrd><Ustrd>ERDAM</Ustrd></RmtInf></TxDtls></NtryDtls></Ntry><Ntry><NtryRef>2025080301220162-1</NtryRef><Amt Ccy="EUR">4.50</Amt><CdtDbtInd>DBIT</CdtDbtInd><Sts>BOOK</Sts><BookgDt><Dt>2025-08-03</Dt></BookgDt><ValDt><Dt>2025-08-03</Dt></ValDt><AcctSvcrRef>2025080301220162-1</AcctSvcrRef><BkTxCd><Domn><Cd>PMNT</Cd><Fmly><Cd>CCRD</Cd><SubFmlyCd>POSD</SubFmlyCd></Fmly></Domn><Prtry><Cd>K</Cd><Issr>Swedbank AB</Issr></Prtry></BkTxCd><NtryDtls><TxDtls><Refs><AcctSvcrRef>2025080301220162-1</AcctSvcrRef></Refs><AmtDtls><TxAmt><Amt Ccy="EUR">4.50</Amt></TxAmt></AmtDtls><RltdPties></RltdPties><RmtInf><Ustrd>PIRKINYS 535550******5746 2025.08.01 5.00 USD VALIUTOS KURSAS 1.138952, VALIUTOS KEITIMO MOK 0.11 EUR (610261) DIGITALOCEAN.COM 1014 BM AMST</Ustrd><Ustrd>ERDAM</Ustrd></RmtInf></TxDtls></NtryDtls></Ntry><Ntry><NtryRef>2025080400544501-1</NtryRef><Amt Ccy="EUR">13.45</Amt><CdtDbtInd>DBIT</CdtDbtInd><Sts>BOOK</Sts><BookgDt><Dt>2025-08-04</Dt></BookgDt><ValDt><Dt>2025-08-04</Dt></ValDt><AcctSvcrRef>2025080400544501-1</AcctSvcrRef><BkTxCd><Domn><Cd>PMNT</Cd><Fmly><Cd>CCRD</Cd><SubFmlyCd>POSD</SubFmlyCd></Fmly></Domn><Prtry><Cd>K</Cd><Issr>Swedbank AB</Issr></Prtry></BkTxCd><NtryDtls><TxDtls><Refs><AcctSvcrRef>2025080400544501-1</AcctSvcrRef></Refs><AmtDtls><TxAmt><Amt Ccy="EUR">13.45</Amt></TxAmt></AmtDtls><RltdPties></RltdPties><RmtInf><Ustrd>PIRKINYS 535550******5746 2025.08.02 13.45 EUR (443143) UAB EXPRESS PRO UKM 12106 VILNIUS</Ustrd></RmtInf></TxDtls></NtryDtls></Ntry><Ntry><NtryRef>2025080401312248-1</NtryRef><Amt Ccy="EUR">17.99</Amt><CdtDbtInd>DBIT</CdtDbtInd><Sts>BOOK</Sts><BookgDt><Dt>2025-08-04</Dt></BookgDt><ValDt><Dt>2025-08-04</Dt></ValDt><AcctSvcrRef>2025080401312248-1</AcctSvcrRef><BkTxCd><Domn><Cd>PMNT</Cd><Fmly><Cd>CCRD</Cd><SubFmlyCd>POSD</SubFmlyCd></Fmly></Domn><Prtry><Cd>K</Cd><Issr>Swedbank AB</Issr></Prtry></BkTxCd><NtryDtls><TxDtls><Refs><AcctSvcrRef>2025080401312248-1</AcctSvcrRef></Refs><AmtDtls><TxAmt><Amt Ccy="EUR">17.99</Amt></TxAmt></AmtDtls><RltdPties></RltdPties><RmtInf><Ustrd>PIRKINYS 535550******5746 2025.08.02 20.00 USD VALIUTOS KURSAS 1.138952, VALIUTOS KEITIMO MOK 0.43 EUR (950451) FLY.IO 94114 SAN FRANCISCO</Ustrd></RmtInf></TxDtls></NtryDtls></Ntry><Ntry><NtryRef>2025080501278883-1</NtryRef><Amt Ccy="EUR">200.00</Amt><CdtDbtInd>DBIT</CdtDbtInd><Sts>BOOK</Sts><BookgDt><Dt>2025-08-05</Dt></BookgDt><ValDt><Dt>2025-08-05</Dt></ValDt><AcctSvcrRef>2025080501278883-1</AcctSvcrRef><BkTxCd><Domn><Cd>PMNT</Cd><Fmly><Cd>CCRD</Cd><SubFmlyCd>POSD</SubFmlyCd></Fmly></Domn><Prtry><Cd>K</Cd><Issr>Swedbank AB</Issr></Prtry></BkTxCd><NtryDtls><TxDtls><Refs><AcctSvcrRef>2025080501278883-1</AcctSvcrRef></Refs><AmtDtls><TxAmt><Amt Ccy="EUR">200.00</Amt></TxAmt></AmtDtls><RltdPties></RltdPties><RmtInf><Ustrd>PIRKINYS 535550******5746 2025.08.03 200.00 EUR (340162) CIRCLE K GREITKELIS II 49117 KAUNAS       </Ustrd></RmtInf></TxDtls></NtryDtls></Ntry><Ntry><NtryRef>2025080601174590-1</NtryRef><Amt Ccy="EUR">9.00</Amt><CdtDbtInd>DBIT</CdtDbtInd><Sts>BOOK</Sts><BookgDt><Dt>2025-08-06</Dt></BookgDt><ValDt><Dt>2025-08-06</Dt></ValDt><AcctSvcrRef>2025080601174590-1</AcctSvcrRef><BkTxCd><Domn><Cd>PMNT</Cd><Fmly><Cd>CCRD</Cd><SubFmlyCd>POSD</SubFmlyCd></Fmly></Domn><Prtry><Cd>K</Cd><Issr>Swedbank AB</Issr></Prtry></BkTxCd><NtryDtls><TxDtls><Refs><AcctSvcrRef>2025080601174590-1</AcctSvcrRef></Refs><AmtDtls><TxAmt><Amt Ccy="EUR">9.00</Amt></TxAmt></AmtDtls><RltdPties></RltdPties><RmtInf><Ustrd>PIRKINYS 535550******5746 2025.08.04 10.00 USD VALIUTOS KURSAS 1.138952, VALIUTOS KEITIMO MOK 0.22 EUR (463255) OPEN SOURCE COLLECTIVE 91723</Ustrd><Ustrd> COVINA</Ustrd></RmtInf></TxDtls></NtryDtls></Ntry><Ntry><NtryRef>2025080801690264-1</NtryRef><Amt Ccy="EUR">13.60</Amt><CdtDbtInd>DBIT</CdtDbtInd><Sts>BOOK</Sts><BookgDt><Dt>2025-08-08</Dt></BookgDt><ValDt><Dt>2025-08-08</Dt></ValDt><AcctSvcrRef>2025080801690264-1</AcctSvcrRef><BkTxCd><Domn><Cd>PMNT</Cd><Fmly><Cd>CCRD</Cd><SubFmlyCd>POSD</SubFmlyCd></Fmly></Domn><Prtry><Cd>K</Cd><Issr>Swedbank AB</Issr></Prtry></BkTxCd><NtryDtls><TxDtls><Refs><AcctSvcrRef>2025080801690264-1</AcctSvcrRef></Refs><AmtDtls><TxAmt><Amt Ccy="EUR">13.60</Amt></TxAmt></AmtDtls><RltdPties></RltdPties><RmtInf><Ustrd>PIRKINYS 535550******5746 2025.08.06 13.60 EUR (746646) Hetzner Online GmbH 91710 Gunzenhausen</Ustrd></RmtInf></TxDtls></NtryDtls></Ntry><Ntry><NtryRef>2025080901476193-1</NtryRef><Amt Ccy="EUR">8.00</Amt><CdtDbtInd>DBIT</CdtDbtInd><Sts>BOOK</Sts><BookgDt><Dt>2025-08-09</Dt></BookgDt><ValDt><Dt>2025-08-09</Dt></ValDt><AcctSvcrRef>2025080901476193-1</AcctSvcrRef><BkTxCd><Domn><Cd>PMNT</Cd><Fmly><Cd>CCRD</Cd><SubFmlyCd>POSD</SubFmlyCd></Fmly></Domn><Prtry><Cd>K</Cd><Issr>Swedbank AB</Issr></Prtry></BkTxCd><NtryDtls><TxDtls><Refs><AcctSvcrRef>2025080901476193-1</AcctSvcrRef></Refs><AmtDtls><TxAmt><Amt Ccy="EUR">8.00</Amt></TxAmt></AmtDtls><RltdPties></RltdPties><RmtInf><Ustrd>PIRKINYS 535550******5746 2025.08.08 8.00 EUR (863098) Mol*ploi io            3861HB 31622304299  </Ustrd></RmtInf></TxDtls></NtryDtls></Ntry><Ntry><NtryRef>2025081201419345-1</NtryRef><Amt Ccy="EUR">10.58</Amt><CdtDbtInd>DBIT</CdtDbtInd><Sts>BOOK</Sts><BookgDt><Dt>2025-08-12</Dt></BookgDt><ValDt><Dt>2025-08-12</Dt></ValDt><AcctSvcrRef>2025081201419345-1</AcctSvcrRef><BkTxCd><Domn><Cd>PMNT</Cd><Fmly><Cd>CCRD</Cd><SubFmlyCd>POSD</SubFmlyCd></Fmly></Domn><Prtry><Cd>K</Cd><Issr>Swedbank AB</Issr></Prtry></BkTxCd><NtryDtls><TxDtls><Refs><AcctSvcrRef>2025081201419345-1</AcctSvcrRef></Refs><AmtDtls><TxAmt><Amt Ccy="EUR">10.58</Amt></TxAmt></AmtDtls><RltdPties></RltdPties><RmtInf><Ustrd>PIRKINYS 535550******5746 2025.08.10 12.00 USD VALIUTOS KURSAS 1.161665, VALIUTOS KEITIMO MOK 0.25 EUR (585999) GITHUB 94107 SAN FRANCISCO</Ustrd></RmtInf></TxDtls></NtryDtls></Ntry><Ntry><NtryRef>2025081201908232-1</NtryRef><Amt Ccy="EUR">3.52</Amt><CdtDbtInd>DBIT</CdtDbtInd><Sts>BOOK</Sts><BookgDt><Dt>2025-08-12</Dt></BookgDt><ValDt><Dt>2025-08-12</Dt></ValDt><AcctSvcrRef>2025081201908232-1</AcctSvcrRef><BkTxCd><Domn><Cd>PMNT</Cd><Fmly><Cd>CCRD</Cd><SubFmlyCd>POSD</SubFmlyCd></Fmly></Domn><Prtry><Cd>K</Cd><Issr>Swedbank AB</Issr></Prtry></BkTxCd><NtryDtls><TxDtls><Refs><AcctSvcrRef>2025081201908232-1</AcctSvcrRef></Refs><AmtDtls><TxAmt><Amt Ccy="EUR">3.52</Amt></TxAmt></AmtDtls><RltdPties></RltdPties><RmtInf><Ustrd>PIRKINYS 535550******5746 2025.08.10 4.00 USD VALIUTOS KURSAS 1.162791, VALIUTOS KEITIMO MOK 0.08 EUR (586000) GITHUB, INC. 94107 SAN FRANCI</Ustrd><Ustrd>SCO</Ustrd></RmtInf></TxDtls></NtryDtls></Ntry><Ntry><NtryRef>2025081301373472-1</NtryRef><Amt Ccy="EUR">57.24</Amt><CdtDbtInd>CRDT</CdtDbtInd><Sts>BOOK</Sts><BookgDt><Dt>2025-08-13</Dt></BookgDt><ValDt><Dt>2025-08-13</Dt></ValDt><AcctSvcrRef>2025081301373472-1</AcctSvcrRef><BkTxCd><Domn><Cd>PMNT</Cd><Fmly><Cd>CCRD</Cd><SubFmlyCd>CAJT</SubFmlyCd></Fmly></Domn><Prtry><Cd>K</Cd><Issr>Swedbank AB</Issr></Prtry></BkTxCd><NtryDtls><TxDtls><Refs><AcctSvcrRef>2025081301373472-1</AcctSvcrRef></Refs><AmtDtls><TxAmt><Amt Ccy="EUR">57.24</Amt></TxAmt></AmtDtls><RltdPties></RltdPties><RmtInf><Ustrd>GRĄŽINIMAS 535550******5746 2025.08.11 57.24 EUR (840365) Global-e/Acquisition.c 1087HW Amsterdam</Ustrd></RmtInf></TxDtls></NtryDtls></Ntry><Ntry><NtryRef>2025081303706372-1</NtryRef><Amt Ccy="EUR">46.63</Amt><CdtDbtInd>DBIT</CdtDbtInd><Sts>BOOK</Sts><BookgDt><Dt>2025-08-13</Dt></BookgDt><ValDt><Dt>2025-08-13</Dt></ValDt><AcctSvcrRef>2025081303706372-1</AcctSvcrRef><BkTxCd><Domn><Cd>PMNT</Cd><Fmly><Cd>ICDT</Cd><SubFmlyCd>BOOK</SubFmlyCd></Fmly></Domn><Prtry><Cd>MK</Cd><Issr>Swedbank AB</Issr></Prtry></BkTxCd><NtryDtls><TxDtls><Refs><AcctSvcrRef>2025081303706372-1</AcctSvcrRef><InstrId>388</InstrId><EndToEndId>49cb8e5eb81946fc8a06</EndToEndId></Refs><AmtDtls><InstdAmt><Amt Ccy="EUR">46.63</Amt></InstdAmt><TxAmt><Amt Ccy="EUR">46.63</Amt></TxAmt></AmtDtls><RltdPties><Cdtr><Nm>TELIA LIETUVA AB</Nm></Cdtr><CdtrAcct><Id><IBAN>LT137300010000561355</IBAN></Id></CdtrAcct></RltdPties><RltdAgts><CdtrAgt><FinInstnId><BIC>HABALT22XXX</BIC></FinInstnId></CdtrAgt></RltdAgts><RmtInf><Ustrd>P2508132135047196580PS:30037099</Ustrd></RmtInf></TxDtls></NtryDtls></Ntry><Ntry><NtryRef>2025081303711209-1</NtryRef><Amt Ccy="EUR">15.60</Amt><CdtDbtInd>DBIT</CdtDbtInd><Sts>BOOK</Sts><BookgDt><Dt>2025-08-13</Dt></BookgDt><ValDt><Dt>2025-08-13</Dt></ValDt><AcctSvcrRef>2025081303711209-1</AcctSvcrRef><BkTxCd><Domn><Cd>PMNT</Cd><Fmly><Cd>ICDT</Cd><SubFmlyCd>ESCT</SubFmlyCd></Fmly></Domn><Prtry><Cd>MK</Cd><Issr>Swedbank AB</Issr></Prtry></BkTxCd><NtryDtls><TxDtls><Refs><AcctSvcrRef>2025081303711209-1</AcctSvcrRef><InstrId>389</InstrId><EndToEndId>592059</EndToEndId></Refs><AmtDtls><InstdAmt><Amt Ccy="EUR">15.60</Amt></InstdAmt><TxAmt><Amt Ccy="EUR">15.60</Amt></TxAmt></AmtDtls><RltdPties><Cdtr><Nm>UAB TELE2</Nm><CtryOfRes>LT</CtryOfRes></Cdtr><CdtrAcct><Id><IBAN>LT647044060001223571</IBAN></Id></CdtrAcct></RltdPties><RltdAgts><CdtrAgt><FinInstnId><BIC>CBVILT2XXXX</BIC></FinInstnId></CdtrAgt></RltdAgts><RmtInf><Ustrd>mano.tele2.lt/LT, st592059, Tele2 saskaita .870053012.</Ustrd></RmtInf></TxDtls></NtryDtls></Ntry><Ntry><NtryRef>2025081600331102-1</NtryRef><Amt Ccy="EUR">56.73</Amt><CdtDbtInd>DBIT</CdtDbtInd><Sts>BOOK</Sts><BookgDt><Dt>2025-08-16</Dt></BookgDt><ValDt><Dt>2025-08-16</Dt></ValDt><AcctSvcrRef>2025081600331102-1</AcctSvcrRef><BkTxCd><Domn><Cd>PMNT</Cd><Fmly><Cd>ICDT</Cd><SubFmlyCd>AUTT</SubFmlyCd></Fmly></Domn><Prtry><Cd>MK</Cd><Issr>Swedbank AB</Issr></Prtry></BkTxCd><NtryDtls><TxDtls><Refs><AcctSvcrRef>2025081600331102-1</AcctSvcrRef><InstrId>SOP</InstrId><EndToEndId>318180967</EndToEndId></Refs><AmtDtls><InstdAmt><Amt Ccy="EUR">56.73</Amt></InstdAmt><TxAmt><Amt Ccy="EUR">56.73</Amt></TxAmt></AmtDtls><RltdPties><UltmtDbtr><Nm>MB THE MYKOLAS</Nm><Id><PrvtId><Othr><Id>10095013322</Id><SchmeNm><Cd>CUST</Cd></SchmeNm></Othr></PrvtId></Id></UltmtDbtr><Cdtr><Nm>SWEDBANK P&amp;C INSURANCE AS LIETUVOS FILIALAS</Nm><Id><OrgId><Othr><Id>302649474</Id><SchmeNm><Cd>COID</Cd></SchmeNm></Othr></OrgId></Id><CtryOfRes>LT</CtryOfRes></Cdtr><CdtrAcct><Id><IBAN>LT477300010128031547</IBAN></Id></CdtrAcct></RltdPties><RltdAgts><CdtrAgt><FinInstnId><BIC>HABALT22XXX</BIC></FinInstnId></CdtrAgt></RltdAgts><RmtInf><Ustrd>Pranešimo: 318180967, Identifikacinis numeris: 10095013322</Ustrd></RmtInf></TxDtls></NtryDtls></Ntry><Ntry><NtryRef>2025081601128190-1</NtryRef><Amt Ccy="EUR">19.01</Amt><CdtDbtInd>DBIT</CdtDbtInd><Sts>BOOK</Sts><BookgDt><Dt>2025-08-16</Dt></BookgDt><ValDt><Dt>2025-08-16</Dt></ValDt><AcctSvcrRef>2025081601128190-1</AcctSvcrRef><BkTxCd><Domn><Cd>PMNT</Cd><Fmly><Cd>CCRD</Cd><SubFmlyCd>POSD</SubFmlyCd></Fmly></Domn><Prtry><Cd>K</Cd><Issr>Swedbank AB</Issr></Prtry></BkTxCd><NtryDtls><TxDtls><Refs><AcctSvcrRef>2025081601128190-1</AcctSvcrRef></Refs><AmtDtls><TxAmt><Amt Ccy="EUR">19.01</Amt></TxAmt></AmtDtls><RltdPties></RltdPties><RmtInf><Ustrd>PIRKINYS 535550******5746 2025.08.14 19.01 EUR (053356) OPENAI *CHATGPT SUBSCR D01 YC43 DUBLIN</Ustrd></RmtInf></TxDtls></NtryDtls></Ntry><Ntry><NtryRef>2025081602435445-1</NtryRef><Amt Ccy="EUR">80.99</Amt><CdtDbtInd>DBIT</CdtDbtInd><Sts>BOOK</Sts><BookgDt><Dt>2025-08-16</Dt></BookgDt><ValDt><Dt>2025-08-16</Dt></ValDt><AcctSvcrRef>2025081602435445-1</AcctSvcrRef><BkTxCd><Domn><Cd>PMNT</Cd><Fmly><Cd>CCRD</Cd><SubFmlyCd>POSD</SubFmlyCd></Fmly></Domn><Prtry><Cd>K</Cd><Issr>Swedbank AB</Issr></Prtry></BkTxCd><NtryDtls><TxDtls><Refs><AcctSvcrRef>2025081602435445-1</AcctSvcrRef></Refs><AmtDtls><TxAmt><Amt Ccy="EUR">80.99</Amt></TxAmt></AmtDtls><RltdPties></RltdPties><RmtInf><Ustrd>PIRKINYS 535550******5746 2025.08.14 80.99 EUR (414154) Kavos draugas 07152 Vilnius</Ustrd></RmtInf></TxDtls></NtryDtls></Ntry><Ntry><NtryRef>2025081801580412-1</NtryRef><Amt Ccy="EUR">89.20</Amt><CdtDbtInd>DBIT</CdtDbtInd><Sts>BOOK</Sts><BookgDt><Dt>2025-08-18</Dt></BookgDt><ValDt><Dt>2025-08-18</Dt></ValDt><AcctSvcrRef>2025081801580412-1</AcctSvcrRef><BkTxCd><Domn><Cd>PMNT</Cd><Fmly><Cd>ICDT</Cd><SubFmlyCd>BOOK</SubFmlyCd></Fmly></Domn><Prtry><Cd>MK</Cd><Issr>Swedbank AB</Issr></Prtry></BkTxCd><NtryDtls><TxDtls><Refs><AcctSvcrRef>2025081801580412-1</AcctSvcrRef><InstrId>390</InstrId></Refs><AmtDtls><InstdAmt><Amt Ccy="EUR">89.20</Amt></InstdAmt><TxAmt><Amt Ccy="EUR">89.20</Amt></TxAmt></AmtDtls><RltdPties><Cdtr><Nm>MB FINANSŲ GIJA</Nm><CtryOfRes>LT</CtryOfRes></Cdtr><CdtrAcct><Id><IBAN>LT477300010178097515</IBAN></Id></CdtrAcct></RltdPties><RltdAgts><CdtrAgt><FinInstnId><BIC>HABALT22XXX</BIC></FinInstnId></CdtrAgt></RltdAgts><RmtInf><Ustrd>Sąskaita faktūra FG414</Ustrd></RmtInf></TxDtls></NtryDtls></Ntry><Ntry><NtryRef>2025081801583220-1</NtryRef><Amt Ccy="EUR">109.40</Amt><CdtDbtInd>DBIT</CdtDbtInd><Sts>BOOK</Sts><BookgDt><Dt>2025-08-18</Dt></BookgDt><ValDt><Dt>2025-08-18</Dt></ValDt><AcctSvcrRef>2025081801583220-1</AcctSvcrRef><BkTxCd><Domn><Cd>PMNT</Cd><Fmly><Cd>ICDT</Cd><SubFmlyCd>BOOK</SubFmlyCd></Fmly></Domn><Prtry><Cd>MK</Cd><Issr>Swedbank AB</Issr></Prtry></BkTxCd><NtryDtls><TxDtls><Refs><AcctSvcrRef>2025081801583220-1</AcctSvcrRef><InstrId>391</InstrId></Refs><AmtDtls><InstdAmt><Amt Ccy="EUR">109.40</Amt></InstdAmt><TxAmt><Amt Ccy="EUR">109.40</Amt></TxAmt></AmtDtls><RltdPties><Cdtr><Nm>MB FINANSŲ GIJA</Nm><CtryOfRes>LT</CtryOfRes></Cdtr><CdtrAcct><Id><IBAN>LT477300010178097515</IBAN></Id></CdtrAcct></RltdPties><RltdAgts><CdtrAgt><FinInstnId><BIC>HABALT22XXX</BIC></FinInstnId></CdtrAgt></RltdAgts><RmtInf><Ustrd>Sąskaita faktūra FG432</Ustrd></RmtInf></TxDtls></NtryDtls></Ntry><Ntry><NtryRef>2025081901493920-1</NtryRef><Amt Ccy="EUR">239.00</Amt><CdtDbtInd>DBIT</CdtDbtInd><Sts>BOOK</Sts><BookgDt><Dt>2025-08-19</Dt></BookgDt><ValDt><Dt>2025-08-19</Dt></ValDt><AcctSvcrRef>2025081901493920-1</AcctSvcrRef><BkTxCd><Domn><Cd>PMNT</Cd><Fmly><Cd>ICDT</Cd><SubFmlyCd>ESCT</SubFmlyCd></Fmly></Domn><Prtry><Cd>MK</Cd><Issr>Swedbank AB</Issr></Prtry></BkTxCd><NtryDtls><TxDtls><Refs><AcctSvcrRef>2025081901493920-1</AcctSvcrRef><InstrId>392</InstrId></Refs><AmtDtls><InstdAmt><Amt Ccy="EUR">239.00</Amt></InstdAmt><TxAmt><Amt Ccy="EUR">239.00</Amt></TxAmt></AmtDtls><RltdPties><Cdtr><Nm>PVM</Nm></Cdtr><CdtrAcct><Id><IBAN>LT057044060007887175</IBAN></Id></CdtrAcct></RltdPties><RltdAgts><CdtrAgt><FinInstnId><BIC>CBVILT2XXXX</BIC></FinInstnId></CdtrAgt></RltdAgts><RmtInf><Strd><CdtrRefInf><Tp><CdOrPrtry><Cd>SCOR</Cd></CdOrPrtry></Tp><Ref>1001</Ref></CdtrRefInf></Strd></RmtInf></TxDtls></NtryDtls></Ntry><Ntry><NtryRef>2025081902027424-1</NtryRef><Amt Ccy="EUR">29.57</Amt><CdtDbtInd>DBIT</CdtDbtInd><Sts>BOOK</Sts><BookgDt><Dt>2025-08-19</Dt></BookgDt><ValDt><Dt>2025-08-19</Dt></ValDt><AcctSvcrRef>2025081902027424-1</AcctSvcrRef><BkTxCd><Domn><Cd>PMNT</Cd><Fmly><Cd>CCRD</Cd><SubFmlyCd>POSD</SubFmlyCd></Fmly></Domn><Prtry><Cd>K</Cd><Issr>Swedbank AB</Issr></Prtry></BkTxCd><NtryDtls><TxDtls><Refs><AcctSvcrRef>2025081902027424-1</AcctSvcrRef></Refs><AmtDtls><TxAmt><Amt Ccy="EUR">29.57</Amt></TxAmt></AmtDtls><RltdPties></RltdPties><RmtInf><Ustrd>PIRKINYS 535550******5746 2025.08.17 29.57 EUR (097975) VIADA LT PLK072        18177 SVENCIONIU R </Ustrd></RmtInf></TxDtls></NtryDtls></Ntry><Ntry><NtryRef>2025082701008736-1</NtryRef><Amt Ccy="EUR">184.89</Amt><CdtDbtInd>DBIT</CdtDbtInd><Sts>BOOK</Sts><BookgDt><Dt>2025-08-27</Dt></BookgDt><ValDt><Dt>2025-08-27</Dt></ValDt><AcctSvcrRef>2025082701008736-1</AcctSvcrRef><BkTxCd><Domn><Cd>PMNT</Cd><Fmly><Cd>CCRD</Cd><SubFmlyCd>POSD</SubFmlyCd></Fmly></Domn><Prtry><Cd>K</Cd><Issr>Swedbank AB</Issr></Prtry></BkTxCd><NtryDtls><TxDtls><Refs><AcctSvcrRef>2025082701008736-1</AcctSvcrRef></Refs><AmtDtls><TxAmt><Amt Ccy="EUR">184.89</Amt></TxAmt></AmtDtls><RltdPties></RltdPties><RmtInf><Ustrd>PIRKINYS 535550******5746 2025.08.25 209.00 USD VALIUTOS KURSAS 1.158087, VALIUTOS KEITIMO MOK 4.42 EUR (655981) PYN*bee link 999077 Online</Ustrd></RmtInf></TxDtls></NtryDtls></Ntry><Ntry><NtryRef>2025082702391340-1</NtryRef><Amt Ccy="EUR">239.00</Amt><CdtDbtInd>CRDT</CdtDbtInd><Sts>BOOK</Sts><BookgDt><Dt>2025-08-27</Dt></BookgDt><ValDt><Dt>2025-08-27</Dt></ValDt><AcctSvcrRef>2025082702391340-1</AcctSvcrRef><BkTxCd><Domn><Cd>PMNT</Cd><Fmly><Cd>RCDT</Cd><SubFmlyCd>ESCT</SubFmlyCd></Fmly></Domn><Prtry><Cd>MK</Cd><Issr>Swedbank AB</Issr></Prtry></BkTxCd><NtryDtls><TxDtls><Refs><AcctSvcrRef>2025082702391340-1</AcctSvcrRef><EndToEndId>04755</EndToEndId></Refs><AmtDtls><InstdAmt><Amt Ccy="EUR">239.00</Amt></InstdAmt><TxAmt><Amt Ccy="EUR">239.00</Amt></TxAmt></AmtDtls><RltdPties><Dbtr><Nm>UAB TOPO GRUPĖ</Nm><Id><OrgId><Othr><Id>134777619</Id><SchmeNm><Cd>COID</Cd></SchmeNm></Othr></OrgId></Id></Dbtr><DbtrAcct><Id><IBAN>LT727044060003533191</IBAN></Id></DbtrAcct></RltdPties><RltdAgts><DbtrAgt><FinInstnId><BIC>CBVILT2X</BIC></FinInstnId></DbtrAgt></RltdAgts><RmtInf><Ustrd>Dok.Nr. Dok.data Suma 25TGK1500128 2025.08.26 239.00</Ustrd></RmtInf></TxDtls></NtryDtls></Ntry><Ntry><NtryRef>2025082800312917-1</NtryRef><Amt Ccy="EUR">310.97</Amt><CdtDbtInd>DBIT</CdtDbtInd><Sts>BOOK</Sts><BookgDt><Dt>2025-08-28</Dt></BookgDt><ValDt><Dt>2025-08-28</Dt></ValDt><AcctSvcrRef>2025082800312917-1</AcctSvcrRef><BkTxCd><Domn><Cd>PMNT</Cd><Fmly><Cd>CCRD</Cd><SubFmlyCd>POSD</SubFmlyCd></Fmly></Domn><Prtry><Cd>K</Cd><Issr>Swedbank AB</Issr></Prtry></BkTxCd><NtryDtls><TxDtls><Refs><AcctSvcrRef>2025082800312917-1</AcctSvcrRef></Refs><AmtDtls><TxAmt><Amt Ccy="EUR">310.97</Amt></TxAmt></AmtDtls><RltdPties></RltdPties><RmtInf><Ustrd>PIRKINYS 535550******5746 2025.08.25 310.97 EUR (939097) TOPO CENTRAS VILNIUS</Ustrd></RmtInf></TxDtls></NtryDtls></Ntry><Ntry><NtryRef>2025082801165605-1</NtryRef><Amt Ccy="EUR">22.28</Amt><CdtDbtInd>DBIT</CdtDbtInd><Sts>BOOK</Sts><BookgDt><Dt>2025-08-28</Dt></BookgDt><ValDt><Dt>2025-08-28</Dt></ValDt><AcctSvcrRef>2025082801165605-1</AcctSvcrRef><BkTxCd><Domn><Cd>PMNT</Cd><Fmly><Cd>CCRD</Cd><SubFmlyCd>POSD</SubFmlyCd></Fmly></Domn><Prtry><Cd>K</Cd><Issr>Swedbank AB</Issr></Prtry></BkTxCd><NtryDtls><TxDtls><Refs><AcctSvcrRef>2025082801165605-1</AcctSvcrRef></Refs><AmtDtls><TxAmt><Amt Ccy="EUR">22.28</Amt></TxAmt></AmtDtls><RltdPties></RltdPties><RmtInf><Ustrd>PIRKINYS 535550******5746 2025.08.26 25.37 USD VALIUTOS KURSAS 1.166437, VALIUTOS KEITIMO MOK 0.53 EUR (441265) ANTHROPIC 94104 SAN FRANCISC</Ustrd><Ustrd>O</Ustrd></RmtInf></TxDtls></NtryDtls></Ntry><Ntry><NtryRef>2025082801369582-1</NtryRef><Amt Ccy="EUR">6686.00</Amt><CdtDbtInd>CRDT</CdtDbtInd><Sts>BOOK</Sts><BookgDt><Dt>2025-08-28</Dt></BookgDt><ValDt><Dt>2025-08-28</Dt></ValDt><AcctSvcrRef>2025082801369582-1</AcctSvcrRef><BkTxCd><Domn><Cd>PMNT</Cd><Fmly><Cd>RCDT</Cd><SubFmlyCd>ESCT</SubFmlyCd></Fmly></Domn><Prtry><Cd>MK</Cd><Issr>Swedbank AB</Issr></Prtry></BkTxCd><NtryDtls><TxDtls><Refs><AcctSvcrRef>2025082801369582-1</AcctSvcrRef><EndToEndId>NOTPROVIDED</EndToEndId></Refs><AmtDtls><InstdAmt><Amt Ccy="EUR">6686.00</Amt></InstdAmt><TxAmt><Amt Ccy="EUR">6686.00</Amt></TxAmt></AmtDtls><RltdPties><Dbtr><Nm>Marko Switzerland AG</Nm><PstlAdr><Ctry>CH</Ctry><AdrLine>Langstrasse 231</AdrLine><AdrLine>Zurich, 8005</AdrLine></PstlAdr></Dbtr><DbtrAcct><Id><IBAN>LT243250074218729017</IBAN></Id></DbtrAcct></RltdPties><RltdAgts><DbtrAgt><FinInstnId><BIC>REVOLT21XXX</BIC></FinInstnId></DbtrAgt></RltdAgts><RmtInf><Ustrd>TM 0033</Ustrd></RmtInf></TxDtls></NtryDtls></Ntry><Ntry><NtryRef>2025082803171020-1</NtryRef><Amt Ccy="EUR">2700.00</Amt><CdtDbtInd>DBIT</CdtDbtInd><Sts>BOOK</Sts><BookgDt><Dt>2025-08-28</Dt></BookgDt><ValDt><Dt>2025-08-28</Dt></ValDt><AcctSvcrRef>2025082803171020-1</AcctSvcrRef><BkTxCd><Domn><Cd>PMNT</Cd><Fmly><Cd>ICDT</Cd><SubFmlyCd>BOOK</SubFmlyCd></Fmly></Domn><Prtry><Cd>MK</Cd><Issr>Swedbank AB</Issr></Prtry></BkTxCd><NtryDtls><TxDtls><Refs><AcctSvcrRef>2025082803171020-1</AcctSvcrRef><InstrId>394</InstrId></Refs><AmtDtls><InstdAmt><Amt Ccy="EUR">2700.00</Amt></InstdAmt><TxAmt><Amt Ccy="EUR">2700.00</Amt></TxAmt></AmtDtls><RltdPties><Cdtr><Nm>MYKOLAS MANKEVIČIUS</Nm><CtryOfRes>LT</CtryOfRes></Cdtr><CdtrAcct><Id><IBAN>LT257300010137913818</IBAN></Id></CdtrAcct></RltdPties><RltdAgts><CdtrAgt><FinInstnId><BIC>HABALT22XXX</BIC></FinInstnId></CdtrAgt></RltdAgts><RmtInf><Ustrd>Pagal civiline sutarti</Ustrd></RmtInf></TxDtls></NtryDtls></Ntry><Ntry><NtryRef>2025082803173071-1</NtryRef><Amt Ccy="EUR">3325.00</Amt><CdtDbtInd>DBIT</CdtDbtInd><Sts>BOOK</Sts><BookgDt><Dt>2025-08-28</Dt></BookgDt><ValDt><Dt>2025-08-28</Dt></ValDt><AcctSvcrRef>2025082803173071-1</AcctSvcrRef><BkTxCd><Domn><Cd>PMNT</Cd><Fmly><Cd>ICDT</Cd><SubFmlyCd>BOOK</SubFmlyCd></Fmly></Domn><Prtry><Cd>MK</Cd><Issr>Swedbank AB</Issr></Prtry></BkTxCd><NtryDtls><TxDtls><Refs><AcctSvcrRef>2025082803173071-1</AcctSvcrRef><InstrId>395</InstrId></Refs><AmtDtls><InstdAmt><Amt Ccy="EUR">3325.00</Amt></InstdAmt><TxAmt><Amt Ccy="EUR">3325.00</Amt></TxAmt></AmtDtls><RltdPties><Cdtr><Nm>MYKOLAS MANKEVIČIUS</Nm><CtryOfRes>LT</CtryOfRes></Cdtr><CdtrAcct><Id><IBAN>LT257300010137913818</IBAN></Id></CdtrAcct></RltdPties><RltdAgts><CdtrAgt><FinInstnId><BIC>HABALT22XXX</BIC></FinInstnId></CdtrAgt></RltdAgts><RmtInf><Ustrd>Dividendai</Ustrd></RmtInf></TxDtls></NtryDtls></Ntry><Ntry><NtryRef>2025083102832261-1</NtryRef><Amt Ccy="EUR">442.86</Amt><CdtDbtInd>CRDT</CdtDbtInd><Sts>BOOK</Sts><BookgDt><Dt>2025-08-31</Dt></BookgDt><ValDt><Dt>2025-08-31</Dt></ValDt><AcctSvcrRef>2025083102832261-1</AcctSvcrRef><BkTxCd><Domn><Cd>PMNT</Cd><Fmly><Cd>RCDT</Cd><SubFmlyCd>BOOK</SubFmlyCd></Fmly></Domn><Prtry><Cd>MK</Cd><Issr>Swedbank AB</Issr></Prtry></BkTxCd><NtryDtls><TxDtls><Refs><AcctSvcrRef>2025083102832261-1</AcctSvcrRef><InstrId>53</InstrId></Refs><AmtDtls><InstdAmt><Amt Ccy="EUR">442.86</Amt></InstdAmt><TxAmt><Amt Ccy="EUR">442.86</Amt></TxAmt></AmtDtls><RltdPties><Dbtr><Nm>VŠĮ KINO ALJANSAS</Nm><Id><OrgId><Othr><Id>126218936</Id><SchmeNm><Cd>COID</Cd></SchmeNm></Othr></OrgId></Id></Dbtr><DbtrAcct><Id><IBAN>LT437300010157912857</IBAN></Id></DbtrAcct></RltdPties><RltdAgts><DbtrAgt><FinInstnId><BIC>HABALT22</BIC></FinInstnId></DbtrAgt></RltdAgts><RmtInf><Ustrd>PVM Sąskaita-faktūra TM 0032</Ustrd></RmtInf></TxDtls></NtryDtls></Ntry></Stmt></BkToCstmrStmt></Document>